@Article{Shi2012,
  author  = {Shi, W. and Kleijnen, Jpc and Liu, Z.},
  journal = {Tilburg University, School of Economics and Management},
  title   = {Factor Screening For Simulation With Multiple Responses : Sequential Bifurcation},
  year    = {2012},
  number  = {1},
  file    = {:D\:/2022.7.19/毕设/文献/文献（因子筛选）/因子筛选/【因子筛选，多响应】Factor screening for simulation with multiple responses Sequential.pdf:PDF;:D\:/2022.7.19/毕设/文献/文献（因子筛选）/附录多响应.pdf:PDF},
}

@PhdThesis{来庆福2011,
  author = {来庆福},
  school = {国防科学技术大学},
  title  = {反舰导弹雷达导引头抗舷外干扰技术研究},
  year   = {2011},
  file   = {:D\:/2022.7.19/毕设/文献/文献（导引头抗干扰）/反舰导弹雷达导引头抗舷外干扰技术研究_来庆福.caj:},
}

@PhdThesis{骆颖TDSBR,
  author           = {骆颖},
  school           = {西安电子科技大学},
  title            = {基于{TDSBR}的海上目标与角反射器复合时域电磁散射及干扰分析研究},
  year             = {2021},
  databaseprovider = {cnki},
  file             = {:D\:/2022.7.19/毕设/文献/文献（角反）/基于TDSBR的海上目标与...时域电磁散射及干扰分析研究_骆颖.caj:},
  tertiaryauthor   = {郭立新},
  typeofwork       = {硕士},
}

@PhdThesis{莫双喜2011,
  author = {莫双喜},
  school = {国防科学技术大学},
  title  = {对抗条件下实战要素对雷达影响效应建模研究},
  year   = {2011},
  file   = {:D\:/2022.7.19/毕设/文献/文献（导引头抗干扰）/对抗条件下实战要素对雷达影响效应建模研究_莫双喜.caj:},
}

@Article{施文2014,
  author  = {施文 and 刘志学 and 杨威},
  journal = {系统工程理论与实践},
  title   = {基于二水平误差控制的序贯分支筛选法及应用},
  year    = {2014},
  pages   = {1407-1415},
  file    = {:D\:/2022.7.19/毕设/文献/文献（因子筛选）/因子筛选/【因子筛选，已读，动态调整N0】基于二水平误差控制的序贯分支筛选法及应用_施文.pdf:PDF},
  issue   = {第6期},
}

@Article{施文2016,
  author  = {施文 and 冷凯君 and 毕娅},
  journal = {系统工程学报},
  title   = {基于改进{SPRT}的多重响应序贯分支筛选法},
  year    = {2016},
  month   = {1},
  number  = {3},
  pages   = {297-306},
  volume  = {31},
  file    = {:D\:/2022.7.19/毕设/文献/文献（因子筛选）/因子筛选/基于改进SPRT的多重响应序贯分支筛选法_施文.pdf:PDF},
}

@article{杨柠檬2017,
	author  = {杨柠檬 and 杨凡德 and 闫雪飞 and 施令},
	journal = {四川兵工学报},
	title   = {面向装备系统评估的仿真实验因子筛选综述},
	year    = {2017},
	number  = {003},
	pages   = {038},
	file    = {:D\:/2022.7.19/毕设/文献/文献（因子筛选）/因子筛选/面向装备系统评估的仿真实验因子筛选综述_杨柠檬.pdf:PDF}
}

@Article{Cheng1997,
  author     = {Cheng, R.},
  title      = {Searching for important factors: sequential bifurcation under uncertainty},
  year       = {1997},
  comment    = {cheng方法，加入不确定性},
  file       = {:D\:/2022.7.19/毕设/文献/文献（因子筛选）/因子筛选/【因子筛选，已读，考虑误差1997】Searching For Important Factors  Sequential Bifurcation Under Uncertainty.pdf:PDF},
  readstatus = {read},
}

@Article{Bettonvil1997,
  author     = {Bettonvil, Bert and Kleijnen, Jack P.C.},
  journal    = {European Journal of Operational Research},
  title      = {Searching for important factors in simulation models with many factors: Sequential bifurcation},
  year       = {1997},
  pages      = {180-194},
  comment    = {顺序分支法开山之作},
  file       = {:D\:/2022.7.19/毕设/文献/文献（因子筛选）/因子筛选/【开山之作--因子筛选，已读1996】Searching for important factors in simulation models with many.pdf:PDF},
  issue      = {No.1},
  readstatus = {read},
}

@InProceedings{Wan2003,
  author     = {Hong Wan and Bruce Ankenman and Barry L. Nelson},
  booktitle  = {WSC '03: Proceedings of the 35th conference on Winter simulation: driving innovation},
  title      = {Issues on simulation and optimization I: controlled sequential bifurcation: a new factor-screening method for discrete-event simulation},
  year       = {2003},
  comment    = {第一第二类错误的可控序贯析因设计},
  file       = {:D\:/2022.7.19/毕设/文献/文献（因子筛选）/因子筛选/Issues on simulation and optimization I controlled sequential bifurcation a new factor-screening method for discrete event simulation.pdf:PDF;:D\:/2022.7.19/毕设/文献/文献（因子筛选）/CSB附录.pdf:PDF},
  readstatus = {read},
}

@Article{方开泰1994,
  author  = {方开泰},
  journal = {数理统计与管理},
  title   = {均匀设计及其应用},
  year    = {1994},
  pages   = {57-57},
  file    = {:D\:/2022.7.19/毕设/文献/文献（因子筛选）/因子筛选/均匀设计及其应用_方开泰.pdf:PDF},
  issue   = {第1期},
}

@Book{易泰河2022,
  author    = {易泰河},
  publisher = {机械工业出版社},
  title     = {试验设计与分析},
  year      = {2022},
  address   = {北京},
}

@Article{MCKAY2000,
  author  = {M. D. MCKAY and R. J. BECKMAN and W. J. CONOVER},
  journal = {Technometrics},
  title   = {A Comparison of Three Methods for Selecting Values of Input Variables in the Analysis of Output from a Computer Code},
  year    = {2000},
  pages   = {55-61},
  issue   = {No.1},
}

@PhdThesis{陆凌云2013,
  author = {陆凌云},
  school = {哈尔滨工业大学},
  title  = {基于仿真实验的灵敏度分析方法及工具研究},
  year   = {2013},
  file   = {:D\:/2022.7.19/毕设/文献/文献（因子筛选）/因子筛选/基于仿真实验的灵敏度分析方法及工具研究_陆凌云.caj:},
}

@Article{Box1951,
  author  = {Box, Gep and Wilson, K. B.},
  journal = {Stat},
  title   = {On the Experimental Attainment of Optimum Conditions},
  year    = {1951},
  number  = {1},
  pages   = {1-45},
  volume  = {13},
}

@Article{Morris1991,
  author  = {Morris, M.D.},
  journal = {Technometrics},
  title   = {Factorial Sampling Plans for Preliminary Computational Experiments},
  year    = {1991},
  pages   = {161-174},
  file    = {:D\:/2022.7.19/毕设/文献/文献（因子筛选）/因子筛选/Factorial Sampling Plans for Preliminary Computational Experiments.pdf:PDF},
  issue   = {No.2},
}

@Article{Qu2005,
  author  = {Qu, X. and Wu, Cfj},
  journal = {Journal of Statistical Planning & Inference},
  title   = {One-factor-at-a-time designs of resolution V},
  year    = {2005},
  number  = {2},
  pages   = {407-416},
  volume  = {131},
  doi     = {10.1016/j.jspi.2004.03.002},
  file    = {:D\:/2022.7.19/毕设/文献/文献（因子筛选）/因子筛选/qy_One-factor-at-a-time designs of resolution V.pdf:PDF},
}

@MastersThesis{王青松2015,
  author = {王青松},
  school = {哈尔滨工业大学},
  title  = {仿真实验因子筛选方法及工具研究},
  year   = {2015},
  type   = {硕士论文},
  file   = {:D\:/2022.7.19/毕设/文献/文献（因子筛选）/因子筛选/【因子筛选】仿真实验因子筛选方法及工具研究_王青松.caj:},
}

@Article{Sanchez2009,
  author  = {Sanchez, S. M. and Wan, H. and Lucas, T. W.},
  journal = {ACM Transactions on Modeling and Computer Simulation (TOMACS)},
  title   = {A two-phase screening procedure for simulation experiments},
  year    = {2009},
  file    = {:D\:/2022.7.19/毕设/文献/文献（因子筛选）/因子筛选/A two-phase screening procedure for simulation experiments.pdf:PDF},
}

@Article{Shen2010,
  author  = {Hua Shen and Hong Wan and Susan M. Sanchez},
  journal = {Naval Research Logistics},
  title   = {A hybrid method for simulation factor screening},
  year    = {2010},
  number  = {1},
  pages   = {45-57},
  volume  = {57},
  file    = {:D\:/2022.7.19/毕设/文献/文献（因子筛选）/因子筛选/A Hybrid Method for Simulation Factor Screening.pdf:PDF},
}

@InProceedings{Shen2005,
  author    = {Shen, H. and Wan, H.},
  booktitle = {Winter Simulation Conference},
  title     = {Controlled sequential factorial design for simulation factor screening},
  year      = {2005},
  file      = {:D\:/2022.7.19/毕设/文献/文献（因子筛选）/因子筛选/CONTROLLED SEQUENTIAL FACTORIAL DESIGN FOR SIMULATION FACTOR SCREENING.pdf:PDF},
}

@Article{Saltelli1993,
  author  = {Saltelli, A. and Andres, T. H. and Homma, T.},
  journal = {Computational Statistics & Data Analysis},
  title   = {Sensitivity analysis of model output : An investigation of new techniques},
  year    = {1993},
  volume  = {15},
  file    = {:D\:/2022.7.19/毕设/文献/文献（因子筛选）/因子筛选/Sensitivity Analysis of Model Output An Investigation of New Techniques.pdf:PDF},
}

@Article{李健2002,
  author     = {李健 and 周军},
  journal    = {飞航导弹},
  title      = {反舰导弹综述},
  year       = {2002},
  pages      = {8-13},
  file       = {:D\:/2022.7.19/毕设/文献/文献（导引头抗干扰）/反舰导弹综述_李健.caj:知网caj},
  issue      = {第9期},
  readstatus = {read},
}

@Article{王绪智2000,
  author     = {王绪智},
  journal    = {舰载武器},
  title      = {反舰导弹综述},
  year       = {2000},
  pages      = {15-21},
  file       = {:D\:/2022.7.19/毕设/文献/文献（导引头抗干扰）/反舰导弹综述_王绪智.caj:知网caj},
  issue      = {第3期},
  readstatus = {read},
}

@Article{刘志强2001,
  author  = {刘志强},
  journal = {飞航导弹},
  title   = {舷外干扰技术的发展与战术运用},
  year    = {2001},
  number  = {3},
  pages   = {3},
  file    = {:D\:/2022.7.19/毕设/文献/文献（导引头抗干扰）/舷外干扰技术的发展与战术运用_刘志强.caj:知网caj},
}

 
@MastersThesis{吕方方2019,
  author = {吕方方},
  school = {西安电子科技大学},
  title  = {海面目标动态回波仿真与特性分析},
  year   = {2019},
  type   = {硕士论文},
  file   = {:D\:/2022.7.19/毕设/文献/文献（角反）/海面目标动态回波仿真与特性分析_吕方方.caj:知网caj},
}

@Article{田锦昌2010,
  author  = {田锦昌 and 袁健全 and 孔玉 and 路军杰},
  journal = {航天电子对抗},
  title   = {空舰导弹制导雷达适应复杂电磁环境方法分析},
  year    = {2010},
  number  = {6},
  pages   = {3},
  file    = {:D\:/2022.7.19/毕设/文献/文献（导引头抗干扰）/空舰导弹制导雷达适应复杂电磁环境方法分析_田锦昌.caj:知网caj},
}

@Article{汤广富2015,
  author  = {汤广富 and 李华 and 甘荣兵 and 袁茹芳},
  journal = {电子信息对抗技术},
  title   = {海战场环境下角反射器干扰分析},
  year    = {2015},
  number  = {5},
  pages   = {8},
  volume  = {30},
  file    = {:D\:/2022.7.19/毕设/文献/文献（角反）/海战场环境下角反射器干扰分析_汤广富.caj:知网caj},
}

@Article{方重华2008,
  author  = {方重华 and 宋东安 and 王志雄},
  journal = {装备环境工程},
  title   = {利用hypermesh和feko软件来仿真舰艇RCS},
  year    = {2008},
  number  = {5},
  pages   = {4},
  volume  = {5},
  file    = {:D\:/2022.7.19/毕设/文献/雷达笔记/利用hypermesh和feko软件来仿真舰艇RCS_方重华.caj:知网caj},
}

@Article{陈德喜2008,
  author  = {陈德喜 and 颜俐 and 王海婴},
  journal = {舰船电子工程},
  title   = {FEKO软件的RCS仿真应用},
  year    = {2008},
  number  = {9},
  pages   = {5},
  file    = {:D\:/2022.7.19/毕设/文献/雷达笔记/FEKO软件的RCS仿真应用_陈德喜.caj:知网caj},
}

@InProceedings{李玮2017,
  author    = {李玮 and 邓维波 and 索莹},
  booktitle = {2017Altair技术大会},
  title     = {基于FEKO的舰船电磁建模与仿真新方法},
  year      = {2017},
  file      = {:D\:/2022.7.19/毕设/文献/雷达笔记/基于FEKO的舰船电磁建模与仿真新方法_李玮.caj:知网caj},
}

@Article{Hasselmann1980,
  author  = {Hasselmann, D. E. and Dunckel, M. and Ewing, J. A.},
  journal = {Journal of Physical Oceanography},
  title   = {Directional Wave Spectra Observed during JONSWAP 1973},
  year    = {1980},
  number  = {8},
  pages   = {1264-1280},
  volume  = {10},
  file    = {:D\:/2022.7.19/毕设/code/仿真/海平面建模/参考文献/[Journal of Physical Oceanography] Directional Wave Spectra Observed during JONSWAP 1973.pdf:PDF},
}

@InProceedings{Linnett1997,
  author    = {Linnett, L. M. and Clarke, S. J. and Calder, B. R. and Rzhanov, Y.},
  booktitle = {International Conference on Image Processing & Its Applications},
  title     = {The generation of a time correlated 2D random process for ocean wave motion},
  year      = {1997},
  file      = {:D\:/2022.7.19/毕设/code/仿真/海平面建模/参考文献/The generation of a time correlated 2d random process for ocean.pdf:PDF},
}

@InProceedings{Shen2006,
  author    = {Shen, H. and Wan, H.},
  booktitle = {Proceedings of the 2006 Winter Simulation Conference},
  title     = {A Hybrid Method for Simulation Factor Screening},
  year      = {2006},
  pages     = {382-389},
  file      = {:D\:/2022.7.19/毕设/文献/文献（因子筛选）/因子筛选/【因子筛选,CSFD与CSB融合】A HYBRID METHOD FOR SIMULATION FACTOR SCREENING.pdf:PDF},
}

@Article{Wan2007,
  author  = {Wan, H. and Ankenman, B.E.},
  journal = {Journal of Quality Technology},
  title   = {Two-Stage Controlled Fractional Factorial Screening for Simulation Experiments},
  year    = {2007},
  pages   = {126-139},
  file    = {:D\:/2022.7.19/毕设/文献/文献（因子筛选）/因子筛选/【因子筛选】Two-Stage Controlled Fractional Factorial.pdf:PDF},
  issue   = {NO.2},
}

@Article{Wan2010,
  author  = {Wan, H. and Ankenman, B. E. and Nelson, B. L.},
  journal = {Informs Journal on Computing},
  title   = {Improving the Efficiency and Efficacy of Controlled Sequential Bifurcation for Simulation Factor Screening},
  year    = {2010},
  number  = {3},
  pages   = {482-492},
  volume  = {22},
  file    = {:D\:/2022.7.19/毕设/文献/文献（因子筛选）/Improving the Efficiency and Efficacy of Controlled Sequential Bifurcation for Simulation Factor Screening.pdf:PDF;:D\:/2022.7.19/毕设/文献/文献（因子筛选）/附录ICSB.pdf:PDF},
}

@Article{Wan2006,
  author  = {Hong Wan and Bruce E. Ankenman and Barry L. Nelson},
  journal = {Operations Research},
  title   = {{Controlled Sequential Bifurcation: A New Factor-Screening Method for Discrete-Event Simulation}},
  year    = {2006},
  month   = {August},
  number  = {4},
  pages   = {743-755},
  volume  = {54},
  doi     = {10.1287/opre.1060.0311},
  file    = {:D\:/2022.7.19/毕设/文献/文献（因子筛选）/【因子筛选，已读，CSB控制两类误差】Controlled Sequential Bifurcation A New Factor.pdf:PDF},
}

@article{kimComparisonStandardFully2005,
  title = {Comparison with a Standard via Fully Sequential Procedures},
  author = {Kim, Seong-Hee},
  year = {2005},
  month = apr,
  journal = {ACM Transactions on Modeling and Computer Simulation},
  volume = {15},
  number = {2},
  pages = {155--174},
  issn = {1049-3301},
  doi = {10.1145/1060576.1060579},
  keywords = {Comparison with a standard,output analysis,ranking and selection,simulation,variance reduction},
  file = {D\:\\Program Files (x86)\\Zotero\\data\\storage\\QBMJX4P6\\Kim - 2005 - Comparison with a standard via fully sequential pr.pdf}
}
@article{ankenman2014,
  title = {Screening for {{Dispersion Effects}} by {{Sequential Bifurcation}}},
  author = {Ankenman, Bruce E. and Cheng, Russell C. H. and Lewis, Susan M.},
  year = {2014},
  month = dec,
  journal = {ACM Transactions on Modeling and Computer Simulation},
  volume = {25},
  number = {1},
  pages = {2:1--2:27},
  issn = {1049-3301},
  keywords = {controlled sequential bifurcation,fixed-width confidence intervals,location effects,multiplicative model,multiplicative variance model,simulation,Stopping rules,variance effects},
  file = {D\:\\Program Files (x86)\\Zotero\\data\\storage\\25HNZLAC\\Ankenman 等 - 2014 - Screening for Dispersion Effects by Sequential Bif.pdf}
}

@article{hartmann1991,
  title = {An Improvement on Paulson's Procedure for Selecting the Poprlation with the Largest Mean from k Normal Populations with a Common Unknown Variance},
  author = {Hartmann, Mark},
  year = {1991},
  month = jan,
  journal = {Sequential Analysis},
  volume = {10},
  number = {1-2},
  pages = {1--16},
  issn = {0747-4946, 1532-4176},
  doi = {10.1080/07474949108836222},
  langid = {english},
  file = {D\:\\Program Files (x86)\\Zotero\\data\\storage\\WLZ73YPB\\00-An improvement on paulson_s procedure for selecting the poprlation with the largest mean from .pdf}
}

@phdthesis{liulijun2021,
  type = {{博士}},
  title = {{基于仿真试验的因子筛选及应用研究}},
  author = {{刘丽君}},
  year = {2021},
  doi = {10.27241/d.cnki.gnjgu.2021.000140},
  urldate = {2023-03-05},
  langid = {chinese},
  school = {南京理工大学},
  keywords = {factor screening,hypothesis testing,sequential bifurcation method,simulation experiments,仿真试验,假设检验 quality engineering,因子筛选,序贯分支方法,质量工程},
  file = {D\:\\Program Files (x86)\\Zotero\\data\\storage\\85BJSDHJ\\刘丽君 - 2021 - 基于仿真试验的因子筛选及应用研究.pdf}
}

@inproceedings{trocine2000,
  title = {Statistical Tools for Simulation Design and Analysis {{I}}: Finding Important Independent Variables through Screening Designs: A Comparison of Methods},
  shorttitle = {Statistical Tools for Simulation Design and Analysis {{I}}},
  booktitle = {Proceedings of the 32nd Conference on {{Winter}} Simulation},
  author = {Trocine, Linda and Malone, Linda C.},
  year = {2000},
  month = dec,
  series = {{{WSC}} '00},
  pages = {749--754},
  publisher = {{Society for Computer Simulation International}},
  address = {{San Diego, CA, USA}},
  urldate = {2023-03-21},
  isbn = {978-0-7803-6582-7},
  file = {D\:\\Program Files (x86)\\Zotero\\data\\storage\\I3HEKPPK\\Trocine 和 Malone - 2000 - Statistical tools for simulation design and analys.pdf}
}

@article{Bettonvil1990,
  title = {Detection of Important Factors by Sequential Bifurcation},
  author = {Bettonvil, B.},
  year = {1990},
  urldate = {2023-03-26}
}

@phdthesis{dengjun2012,
  type = {{硕士}},
  title = {{雷达导引头抗干扰方法的研究}},
  author = {{邓军}},
  year = {2012},
  doi = {DOI:; 10.7666/d.D241112},
  urldate = {2023-02-14},
  collaborator = {{马文来}},
  langid = {chinese},
  school = {哈尔滨工业大学},
  keywords = {信噪增益,信道电路,关键词：,抗干扰技术,数据处理,算法设计,雷达导引头},
  file = {D\:\\Program Files (x86)\\Zotero\\data\\storage\\9CFAQUMA\\邓 - 2012 - 雷达导引头抗干扰方法的研究.pdf}
}

@phdthesis{lijianhui2021,
  type = {{硕士}},
  title = {{对反舰导弹箔条干扰方法研究}},
  author = {{李健辉}},
  year = {2021},
  doi = {10.27389/d.cnki.gxadu.2021.000999},
  urldate = {2023-03-06},
  langid = {chinese},
  school = {西安电子科技大学},
  keywords = {Chaff centroid jamming,Chaff dilution jamming,Chaff echo,Chaff screen,无源干扰,箔条冲淡干扰,箔条回波,箔条幕 Passive jamming,箔条质心干扰},
  annotation = {1 citations(CNKI)[2023-3-6]},
  file = {D\:\\Program Files (x86)\\Zotero\\data\\storage\\FBYQ73B5\\李健辉 - 2021 - 对反舰导弹箔条干扰方法研究.pdf}
}

@phdthesis{WangYiMing2017,
  type = {{硕士}},
  title = {{某复合干扰弹箔条干扰性能研究}},
  author = {{王一鸣}},
  year = {2017},
  urldate = {2023-04-27},
  langid = {chinese},
  school = {中北大学},
  keywords = {Chaff cloud,Jamming bomb,Jamming characteristics,Radar cross section,干扰弹,干扰特性,箔条云,雷达截面},
  file = {D\:\\Program Files (x86)\\Zotero\\data\\storage\\WI7GBN6W\\王一鸣 - 2017 - 某复合干扰弹箔条干扰性能研究.pdf}
}

@article{XiongYuHong1997,
  title = {{无源质心干扰反舰导弹仿真模型研究}},
  author = {{熊宇虹} and {王维平} and {张学斌}},
  year = {1997},
  journal = {电子对抗技术},
  number = {5},
  pages = {11--16},
  urldate = {2023-04-30},
  langid = {chinese},
  keywords = {仿真,反舰导弹,无源干扰},
  file = {D\:\\Program Files (x86)\\Zotero\\data\\storage\\D2UNKULL\\熊宇虹 等 - 1997 - 无源质心干扰反舰导弹仿真模型研究.pdf}
}

@article{HuShengLiangFan2007,
  title = {{反舰导弹末制导参数对箔条冲淡干扰效果影响分析}},
  author = {胡生亮 and 林龙},
  year = {2007},
  journal = {舰船科学技术},
  number = {3},
  pages = {98-100+105},
  issn = {1672-7649},
  langid = {chinese},
  keywords = {computer simulation.,dilution jamming,final guidance parameter,jamming effect,冲淡干扰,反舰导弹,干扰效果,末制导参数,计算机仿真 ASM},
  annotation = {5 citations(CNKI)[2023-3-6]{$<$}北大核心{$>$}},
  file = {D\:\\Program Files (x86)\\Zotero\\data\\storage\\N6PSF3IE\\反舰导弹末制导参数对箔条冲淡干扰效果影响分析_胡生亮.pdf}
}

@article{HuShengLiang2006,
  title = {{反舰导弹末制导雷达参数对舰艇无源干扰效果影响分析}},
  author = {{胡生亮} and {王启峰} and {张坚}},
  year = {2006},
  journal = {飞航导弹},
  number = {11},
  pages = {34--37},
  issn = {1009-1319},
  doi = {10.16338/j.issn.1009-1319.2006.11.015},
  urldate = {2023-04-30},
  langid = {chinese},
  keywords = {冲淡干扰,反舰导弹,干扰效果,末制导雷达,质心干扰},
  annotation = {Core: 北大核心},
  file = {D\:\\Program Files (x86)\\Zotero\\data\\storage\\B67J9IHH\\胡生亮 等 - 2006 - 反舰导弹末制导雷达参数对舰艇无源干扰效果影响分析.pdf}
}

@misc{ZhongGuoQiXiangJu2012,
  title = {{风力等级}},
  author = {{中国气象局}},
  year = {2012},
  month = jun,
  number = {GB/T 28591\textemdash 2012},
  urldate = {2023-05-03},
  langid = {chinese},
  file = {D\:\\Program Files (x86)\\Zotero\\data\\storage\\F275ST6Z\\中国气象局 - 2012 - 风力等级.pdf;D\:\\Program Files (x86)\\Zotero\\data\\storage\\LV8NUYB3\\newGbInfo.html}
}

@inproceedings{liutianyu2019,
  title = {{因子筛选方法综述及其在装备试验中的应用}},
  booktitle = {{复杂系统体系工程论文集一}},
  author = {{刘天宇} and {程志君} and {潘正强}},
  year = {2019},
  pages = {169--177},
  publisher = {{国防科技大学系统工程学院}},
  doi = {10.26914/c.cnkihy.2019.095048},
  urldate = {2023-02-16},
  langid = {chinese},
  keywords = {因子筛选,综述,装备试验},
  file = {D\:\\Program Files (x86)\\Zotero\\data\\storage\\UZJJI6IM\\刘 等 - 2019 - 因子筛选方法综述及其在装备试验中的应用.pdf}
}

@phdthesis{lumengmeng2012,
  type = {{硕士}},
  title = {{箔条云电磁特性研究及仿真软件设计}},
  author = {{吕萌萌}},
  year = {2012},
  doi = {DOI:; 10.7666/d.y2068227},
  urldate = {2023-04-08},
  collaborator = {{史林}},
  langid = {chinese},
  school = {西安电子科技大学},
  keywords = {仿真分析,关键词：,无源干扰,电磁干扰,箔条云电磁,箔条干扰弹,雷达电子对抗},
  file = {D\:\\Program Files (x86)\\Zotero\\data\\storage\\Q2Z386YZ\\吕萌萌 - 2012 - 箔条云电磁特性研究及仿真软件设计.pdf}
}

@article{gaobo2019,
  title = {{箔条冲淡干扰发射时机模型研究}},
  author = {高波 and 李玉存 and 汤岳飞},
  year = {2019},
  journal = {舰船电子工程},
  volume = {39},
  number = {2},
  pages = {19--21},
  issn = {1672-9730},
  langid = {chinese},
  keywords = {index distribution,launching time,冲淡干扰,发射时机,指数分布 dilution jamming},
  annotation = {4 citations(CNKI)[2023-3-6]},
  file = {D\:\\Program Files (x86)\\Zotero\\data\\storage\\EU687PLH\\箔条冲淡干扰发射时机模型研究_高波.pdf}
}

@article{ZhaoFeng2023,
  title = {{典型角反射器单/双基地RCS特性对比分析}},
  author = {{赵锋} and {邱梦奇} and {艾小锋} and {徐志明}},
  year = {2023},
  journal = {现代防御技术},
  volume = {51},
  number = {1},
  pages = {50--58},
  issn = {1009-086X},
  urldate = {2023-05-04},
  langid = {chinese},
  keywords = {bistatic radar,corner reflector,radar cross section(RCS),statistical properties,双基地雷达,统计特性,角反射器,雷达散射截面},
  annotation = {Core: 北大核心},
  file = {D\:\\Program Files (x86)\\Zotero\\data\\storage\\TFBQLNZ7\\赵锋 等 - 2023 - 典型角反射器单双基地RCS特性对比分析.pdf}
}

@article{smith1918,
  title = {{{On The Standard Deviation of Adjusted and Interpolated Values of an Observed  Polynomial Function and its Constrains and the Guidance they Give towards a Proper Choice of the Distribution of Observations}}},
  author = {Smith, K.},
  year = {1918},
  month = nov,
  journal = {Biometrika},
  volume = {12},
  number = {1-2},
  pages = {1--85},
  issn = {0006-3444, 1464-3510},
  doi = {10.1093/biomet/12.1-2.1},
  urldate = {2023-05-13},
  langid = {english},
  file = {D\:\\Program Files (x86)\\Zotero\\data\\storage\\YSNNUYQ3\\SMITH - 1918 - ON THE STANDARD DEVIATIONS OF ADJUSTED AND INTERPO.pdf}
}

@article{Wald1943,
  title={On the Efficient Design of Statistical Investigations},
  author={ Wald, A. },
  journal={Annals of Mathematical Statistics},
  volume={14},
  number={2},
  pages={134-140},
  year={1943},
}

@article{Nandi1951,
  title={On the Efficiency of Experimental Designs},
  author={ Nandi, H. K. },
  journal={Calcutta Statistical Association Bulletin},
  volume={3},
  number={4},
  pages={167-171},
  year={1951},
}




% -------D最优设计文献（test）------ %

@article{Borkowski2009,
  title = {Uniform {{Designs}} for {{Highly Constrained Mixture Experiments}}},
  author = {Borkowski, John J. and Piepel, Greg F.},
  year = {2009},
  month = jan,
  journal = {Journal of Quality Technology},
  volume = {41},
  number = {1},
  pages = {35--47},
  issn = {0022-4065, 2575-6230},
  doi = {10.1080/00224065.2009.11917758},
  urldate = {2023-05-25},
  langid = {english}
}

@article{Cook1980,
  title = {A {{Comparison}} of {{Algorithms}} for {{Constructing Exact D-Optimal Designs}}},
  author = {Cook, R. Dennis and Nachtrheim, Christopher J.},
  year = {1980},
  month = aug,
  journal = {Technometrics},
  volume = {22},
  number = {3},
  pages = {315--324},
  issn = {0040-1706, 1537-2723},
  doi = {10.1080/00401706.1980.10486162},
  urldate = {2023-05-25},
  langid = {english}
}

@article{Duan2019,
  title = {Efficient Computational Algorithm for Optimal Continuous Experimental Designs},
  author = {Duan, Jiangtao and Gao, Wei and Ng, Hon Keung Tony},
  year = {2019},
  month = apr,
  journal = {Journal of Computational and Applied Mathematics},
  volume = {350},
  pages = {98--113},
  issn = {03770427},
  doi = {10.1016/j.cam.2018.09.046},
  urldate = {2023-05-25},
  langid = {english},
  file = {D\:\\Program Files (x86)\\Zotero\\data\\storage\\KFATRVYC\\Duan 等 - 2019 - Efficient computational algorithm for optimal cont.pdf}
}

@article{Heredia-Langner2003,
  title = {Genetic {{Algorithms}} for the {{Construction}} of {{D-Optimal Designs}}},
  author = {{Heredia-Langner}, Alejandro and Carlyle, W. M. and Montgomery, D. C. and Borror, C. M. and Runger, G. C.},
  year = {2003},
  month = jan,
  journal = {Journal of Quality Technology},
  volume = {35},
  number = {1},
  pages = {28--46},
  issn = {0022-4065, 2575-6230},
  doi = {10.1080/00224065.2003.11980189},
  urldate = {2023-05-25},
  langid = {english}
}

@article{Heredia-Langner2004,
  title = {Model-{{Robust Optimal Designs}}: {{A Genetic Algorithm Approach}}},
  shorttitle = {Model-{{Robust Optimal Designs}}},
  author = {{Heredia-Langner}, Alejandro and Montgomery, Douglas C. and Carlyle, W. Matthew and Borror, Connie M.},
  year = {2004},
  month = jul,
  journal = {Journal of Quality Technology},
  volume = {36},
  number = {3},
  pages = {263--279},
  issn = {0022-4065, 2575-6230},
  doi = {10.1080/00224065.2004.11980273},
  urldate = {2023-05-25},
  langid = {english}
}

@article{Li2018,
  title = {Random Search Algorithm for Optimal Mixture Experimental Design},
  author = {Li, Guanghui and Zhang, Chongqi},
  year = {2018},
  month = mar,
  journal = {Communications in Statistics - Theory and Methods},
  volume = {47},
  number = {6},
  pages = {1413--1422},
  issn = {0361-0926, 1532-415X},
  doi = {10.1080/03610926.2017.1321122},
  urldate = {2023-05-25},
  langid = {english}
}

@article{Liu2016,
  title = {Construction of Uniform Designs for Mixture Experiments with Complex Constraints},
  author = {Liu, Yan and Liu, Min-Qian},
  year = {2016},
  month = apr,
  journal = {Communications in Statistics - Theory and Methods},
  volume = {45},
  number = {8},
  pages = {2172--2180},
  issn = {0361-0926, 1532-415X},
  doi = {10.1080/03610926.2013.875576},
  urldate = {2023-05-25},
  langid = {english}
}

@article{Mitchell1974,
  title = {An {{Algorithm}} for the {{Construction}} of ``{{D-Optimal}}'' {{Experimental Designs}}},
  author = {Mitchell, Toby J.},
  year = {1974},
  month = may,
  journal = {Technometrics},
  volume = {16},
  number = {2},
  pages = {203--210},
  issn = {0040-1706, 1537-2723},
  doi = {10.1080/00401706.1974.10489175},
  urldate = {2023-05-25},
  langid = {english}
}

@article{montgomery2003,
  title = {Experimental Designs for Constrained Regions},
  author = {Montgomery, D. C. and Loredo, E. N.},
  year = {2003},
  journal = {Quality Control and Applied Statistics},
  number = {5},
  pages = {48},
  urldate = {2023-05-25},
  langid = {english}
}

@article{Snee1974,
  title = {Extreme {{Vertices Designs}} for {{Linear Mixture Models}}},
  author = {Snee, Ronald D. and Marquardt, Donald W.},
  year = {1974},
  month = aug,
  journal = {Technometrics},
  volume = {16},
  number = {3},
  pages = {399--408},
  issn = {0040-1706, 1537-2723},
  doi = {10.1080/00401706.1974.10489209},
  urldate = {2023-05-25},
  langid = {english}
}

@article{Wong2015,
  title = {A {{Modified Particle Swarm Optimization Technique}} for {{Finding Optimal Designs}} for {{Mixture Models}}},
  author = {Wong, Weng Kee and Chen, Ray-Bing and Huang, Chien-Chih and Wang, Weichung},
  editor = {Talkachova, Alena},
  year = {2015},
  month = jun,
  journal = {PLOS ONE},
  volume = {10},
  number = {6},
  pages = {e0124720},
  issn = {1932-6203},
  doi = {10.1371/journal.pone.0124720},
  urldate = {2023-05-25},
  langid = {english},
  file = {D\:\\Program Files (x86)\\Zotero\\data\\storage\\L3UX8A77\\Wong 等 - 2015 - A Modified Particle Swarm Optimization Technique f.pdf}
}

@article{Yang2019,
  title = {Adaptive-{{Uniform-Experimental-Design-Based Fractional-Order Particle Swarm Optimizer}} with {{Non-Linear Time-Varying Evolution}}},
  author = {Yang, Po-Yuan and Chou, Fu-I and Tsai, Jinn-Tsong and Chou, Jyh-Horng},
  year = {2019},
  month = dec,
  journal = {Applied Sciences},
  volume = {9},
  number = {24},
  pages = {5537},
  issn = {2076-3417},
  doi = {10.3390/app9245537},
  urldate = {2023-05-25},
  langid = {english},
  file = {D\:\\Program Files (x86)\\Zotero\\data\\storage\\5JNLV6ZX\\Yang 等 - 2019 - Adaptive-Uniform-Experimental-Design-Based Fractio.pdf}
}

@article{Yu2011,
  title = {D-Optimal Designs via a Cocktail Algorithm},
  author = {Yu, Yaming},
  year = {2011},
  month = oct,
  journal = {Statistics and Computing},
  volume = {21},
  number = {4},
  pages = {475--481},
  issn = {0960-3174, 1573-1375},
  doi = {10.1007/s11222-010-9183-2},
  urldate = {2023-05-25},
  langid = {english},
  file = {D\:\\Program Files (x86)\\Zotero\\data\\storage\\7QKJLWQ5\\Yu - 2011 - D-optimal designs via a cocktail algorithm.pdf}
}


@Comment{jabref-meta: databaseType:bibtex;}